
@article{Bezanson2015JulFre,
  title = {Julia: {{A Fresh Approach}} to {{Numerical Computing}}},
  author = {Bezanson, Jeff and Edelman, Alan and Karpinski, Stefan and Shah, Viral B.},
  year = {2015},
  journal = {arXiv:1411.1607 [cs]},
  eprint = {1411.1607},
  eprinttype = {arxiv},
  primaryclass = {cs},
  archiveprefix = {arXiv}
}

@article{Blaom2020MljJul,
  title = {{{MLJ}}: {{A Julia}} Package for Composable Machine Learning},
  author = {Blaom, Anthony D. and Kiraly, Franz and Lienart, Thibaut and Simillides, Yiannis and Arenas, Diego and Vollmer, Sebastian J.},
  year = {2020},
  journal = {Journal of Open Source Software},
  volume = {5},
  number = {55},
  pages = {2704},
  issn = {2475-9066},
  doi = {10.21105/joss.02704},
  langid = {english}
}

@article{Borregaard2016MorRep,
  title = {Towards a More Reproducible Ecology},
  author = {Borregaard, Michael Krabbe and Hart, Edmund M.},
  year = {2016},
  journal = {Ecography},
  volume = {39},
  number = {4},
  pages = {349--353},
  issn = {09067590},
  doi = {10.1111/ecog.02493},
  langid = {english}
}

@article{Dansereau2021SimJl,
  title = {{{SimpleSDMLayers}}.Jl and {{GBIF}}.Jl: {{A Framework}} for {{Species Distribution Modeling}} in {{Julia}}},
  author = {Dansereau, Gabriel and Poisot, Timoth{\'e}e},
  year = {2021},
  journal = {Journal of Open Source Software},
  volume = {6},
  number = {57},
  pages = {2872},
  issn = {2475-9066},
  doi = {10.21105/joss.02872},
  langid = {english}
}

@inproceedings{Ge2018TurLan,
  title = {Turing: {{A Language}} for {{Flexible Probabilistic Inference}}},
  booktitle = {Proceedings of the {{Twenty-First International Conference}} on {{Artificial Intelligence}} and {{Statistics}}},
  author = {Ge, Hong and Xu, Kai and Ghahramani, Zoubin},
  year = {2018},
  pages = {1682--1690},
  publisher = {{PMLR}},
  issn = {2640-3498},
  langid = {english}
}

@article{Giron-Nava2017QuaArg,
  title = {Quantitative Argument for Long-Term Ecological Monitoring},
  author = {{Giron-Nava}, A and James, Cc and Johnson, Af and Dannecker, D and Kolody, B and Lee, A and Nagarkar, M and Pao, Gm and Ye, H and Johns, Dg and Sugihara, G},
  year = {2017},
  journal = {Marine Ecology Progress Series},
  volume = {572},
  pages = {269--274},
  issn = {0171-8630, 1616-1599},
  doi = {10.3354/meps12149},
  langid = {english}
}

@article{Gonzalez2015ActSta,
  title = {Act to Staunch Loss of Research Data},
  author = {Gonzalez, Andrew and {Peres-Neto}, Pedro R.},
  year = {2015},
  journal = {Nature},
  volume = {520},
  number = {7548},
  pages = {436--436},
  publisher = {{Nature Publishing Group}},
  issn = {1476-4687},
  doi = {10.1038/520436c},
  langid = {english}
}

@article{Hampton2013BigDat,
  title = {Big Data and the Future of Ecology},
  author = {Hampton, Stephanie E. and Strasser, Carly A. and Tewksbury, Joshua J. and Gram, Wendy K. and Budden, Amber E. and Batcheller, Archer L. and Duke, Clifford S. and Porter, John H.},
  year = {2013},
  journal = {Frontiers in Ecology and the Environment},
  volume = {11},
  number = {3},
  pages = {156--162},
  issn = {1540-9309},
  doi = {10.1890/120103},
  langid = {english}
}

@misc{Harris2021EcoJl,
  title = {{{EcoSISTEM}}.Jl - {{Ecosystem Simulation}} through {{Integrated Species-Trait Environment Modelling}}},
  author = {Harris, Claire and Reeve, Richard},
  year = {2021},
  doi = {10.5281/zenodo.4716816},
  howpublished = {Zenodo}
}

@article{Heberling2021DatInt,
  title = {Data Integration Enables Global Biodiversity Synthesis},
  author = {Heberling, J. Mason and Miller, Joseph T. and Noesgaard, Daniel and Weingart, Scott B. and Schigel, Dmitry},
  year = {2021},
  journal = {Proceedings of the National Academy of Sciences},
  volume = {118},
  number = {6},
  publisher = {{National Academy of Sciences}},
  issn = {0027-8424, 1091-6490},
  doi = {10.1073/pnas.2018093118},
  chapter = {Biological Sciences},
  isbn = {9782018093113},
  langid = {english}
}

@misc{IndMod,
  title = {Individual-Based {{Modeling}} and {{Ecology}}},
  howpublished = {https://www.degruyter.com/document/doi/10.1515/9781400850624/html}
}

@article{Innes2018FluEle,
  title = {Flux: {{Elegant}} Machine Learning with {{Julia}}},
  author = {Innes, Mike},
  year = {2018},
  journal = {Journal of Open Source Software},
  volume = {3},
  number = {25},
  pages = {602},
  issn = {2475-9066},
  doi = {10.21105/joss.00602},
  langid = {english}
}

@article{Jones2010SubSup,
  title = {The {{Subject Supposed}} to {{Recycle}}},
  author = {Jones, Campbell},
  year = 2010,
  journal = {Philosophy Today},
  volume = {54},
  number = {1},
  pages = {30--39},
  publisher = {{Philosophy Documentation Center}},
  address = {{Charlottesville, United States}},
  issn = {00318256},
  langid = {english}
}

@misc{Jones2019EcoMet,
  title = {Ecological {{Metadata Language}} Version 2.2.0},
  author = {Jones, Matthew and O'Brien, Margaret and Mecum, Bryce and Boettiger, Carl and Schildhauer, Mark and Maier, Mitchell and Whiteaker, Timothy and Earl, Stevan and Chong, Steven},
  year = {2019},
  doi = {10.5063/F11834T2},
  howpublished = {KNB Data Repository}
}

@article{Kahn2011FutGen,
  title = {On the {{Future}} of {{Genomic Data}}},
  author = {Kahn, S. D.},
  year = {2011},
  journal = {Science},
  volume = {331},
  number = {6018},
  pages = {728--729},
  issn = {0036-8075, 1095-9203},
  doi = {10.1126/science.1197891},
  langid = {english}
}

@article{Kuhl2020EffBio,
  title = {Effective {{Biodiversity Monitoring Needs}} a {{Culture}} of {{Integration}}},
  author = {K{\"u}hl, Hjalmar S. and Bowler, Diana E. and B{\"o}sch, Lukas and Bruelheide, Helge and Dauber, Jens and Eichenberg, David. and Eisenhauer, Nico and Fern{\'a}ndez, N{\'e}stor and Guerra, Carlos A. and Henle, Klaus and Herbinger, Ilka and Isaac, Nick J. B. and Jansen, Florian and {K{\"o}nig-Ries}, Birgitta and K{\"u}hn, Ingolf and Nilsen, Erlend B. and Pe'er, Guy and Richter, Anett and Schulte, Ralf and Settele, Josef and {van Dam}, Nicole M. and Voigt, Maria and W{\"a}gele, Wolfgang J. and Wirth, Christian and Bonn, Aletta},
  year = {2020},
  journal = {One Earth},
  volume = {3},
  number = {4},
  pages = {462--474},
  issn = {2590-3322},
  doi = {10.1016/j.oneear.2020.09.010},
  langid = {english}
}

@book{Maynard-Smith1974ModEco,
  title = {Models in {{Ecology}}},
  author = {{Maynard-Smith}, John},
  year = {1974},
  publisher = {{CUP Archive}},
  googlebooks = {Jgk4AAAAIAAJ},
  isbn = {978-0-521-20262-6},
  langid = {english}
}

@article{McIntire2022PerRei,
  title = {{{PERFICT}}: {{A Re-imagined}} Foundation for Predictive Ecology},
  author = {McIntire, Eliot J. B. and Chubaty, Alex M. and Cumming, Steven G. and Andison, Dave and Barros, Ceres and Boisvenue, C{\'e}line and Hach{\'e}, Samuel and Luo, Yong and Micheletti, Tatiane and Stewart, Frances E. C.},
  year = {2022},
  journal = {Ecology Letters},
  volume = {25},
  number = {6},
  pages = {1345--1351},
  issn = {1461-0248},
  doi = {10.1111/ele.13994},
  langid = {english}
}

@article{Pennekamp2019IntPre,
  title = {The Intrinsic Predictability of Ecological Time Series and Its Potential to Guide Forecasting},
  author = {Pennekamp, Frank and Iles, Alison C. and Garland, Joshua and Brennan, Georgina and Brose, Ulrich and Gaedke, Ursula and Jacob, Ute and Kratina, Pavel and Matthews, Blake and Munch, Stephan and Novak, Mark and Palamara, Gian Marco and Rall, Bj{\"o}rn C. and Rosenbaum, Benjamin and Tabi, Andrea and Ward, Colette and Williams, Richard and Ye, Hao and Petchey, Owen L.},
  year = {2019},
  journal = {Ecological Monographs},
  volume = {89},
  number = {2},
  pages = {e01359},
  issn = {1557-7015},
  doi = {10.1002/ecm.1359},
  langid = {english}
}

@article{Poisot2019EcoDat,
  title = {Ecological {{Data Should Not Be So Hard}} to {{Find}} and {{Reuse}}},
  author = {Poisot, Timoth{\'e}e and Bruneau, Anne and Gonzalez, Andrew and Gravel, Dominique and {Peres-Neto}, Pedro},
  year = {2019},
  journal = {Trends in Ecology \& Evolution},
  volume = {34},
  number = {6},
  pages = {494--496},
  issn = {0169-5347},
  doi = {10.1016/j.tree.2019.04.005},
  langid = {english}
}

@article{Rackauckas2017DifJl,
  title = {{{DifferentialEquations}}.Jl \textendash{} {{A Performant}} and {{Feature-Rich Ecosystem}} for {{Solving Differential Equations}} in {{Julia}}},
  author = {Rackauckas, Christopher and Nie, Qing},
  year = {2017},
  journal = {Journal of Open Research Software},
  volume = {5},
  number = {1},
  pages = {15},
  publisher = {{Ubiquity Press}},
  issn = {2049-9647},
  doi = {10.5334/jors.151},
  langid = {english}
}

@article{Urban2022CodLif,
  title = {Coding for {{Life}}: {{Designing}} a {{Platform}} for {{Projecting}} and {{Protecting Global Biodiversity}}},
  author = {Urban, Mark C and Travis, Justin M J and Zurell, Damaris and Thompson, Patrick L and Synes, Nicholas W and Scarpa, Alice and {Peres-Neto}, Pedro R and Malchow, Anne-Kathleen and James, Patrick M A and Gravel, Dominique and De Meester, Luc and Brown, Calum and Bocedi, Greta and Albert, C{\'e}cile H and Gonzalez, Andrew and Hendry, Andrew P},
  year = {2022},
  journal = {BioScience},
  volume = {72},
  number = {1},
  pages = {91--104},
  issn = {0006-3568},
  doi = {10.1093/biosci/biab099}
}

@article{Woolley2020BioMar,
  title = {Bioregions in {{Marine Environments}}: {{Combining Biological}} and {{Environmental Data}} for {{Management}} and {{Scientific Understanding}}},
  author = {Woolley, Skipton N C and Foster, Scott D and Bax, Nicholas J and Currie, Jock C and Dunn, Daniel C and Hansen, Cecilie and Hill, Nicole and O'Hara, Timothy D and Ovaskainen, Otso and Sayre, Roger and Vanhatalo, Jarno P and Dunstan, Piers K},
  year = {2020},
  journal = {BioScience},
  volume = {70},
  number = {1},
  pages = {48--59},
  issn = {0006-3568, 1525-3244},
  doi = {10.1093/biosci/biz133},
  langid = {english}
}

@misc{WorGui,
  title = {A Working Guide to Spatial Mechanistic Modelling in {{Julia}} - {{Schouten}} - 2022 - {{Methods}} in {{Ecology}} and {{Evolution}} - {{Wiley Online Library}}},
  howpublished = {https://besjournals.onlinelibrary.wiley.com/doi/abs/10.1111/2041-210X.13793}
}

@article{Zimmerman2008NewKno,
  title = {New {{Knowledge}} from {{Old Data}}: {{The Role}} of {{Standards}} in the {{Sharing}} and {{Reuse}} of {{Ecological Data}}},
  author = {Zimmerman, Ann S.},
  year = {2008},
  journal = {Science, Technology, \& Human Values},
  volume = {33},
  number = {5},
  pages = {631--652},
  issn = {0162-2439, 1552-8251},
  doi = {10.1177/0162243907306704},
  langid = {english}
}


